@MISC{BibTex,
  AUTHOR =       {Dag Langmyhr},
  TITLE =        {Lokal guide til BibTex, http://heim.ifi.uio.no/~dag/},
  INSTITUTION =  {Institutt for Informatikk, UiO},
  YEAR =         {1998},
}

@MISC{github,
  TITLE =	{https://github.com/olegjo/FYS3150-Project-1},
}

@MISC{dropbox,
	TITLE = {https://www.dropbox.com/sh/5cxa6y55dtzhw8m/AAA\_Lpci-O1RaaHbehVl3Iwza?dl=0},
}
@BOOK{comphysLectureNotes,
	AUTHOR = {Mothen Hjorth-Jensen},
	TITLE = {Computational Physics Lecture Notes},
	PUBLISHER = {Department of Physics, UiO},
	YEAR = {August 2015}
}
